@book{baier2008principles,
  title={Principles of model checking},
  author={Baier, Christel and Katoen, Joost-Pieter and Larsen, Kim Guldstrand},
  year={2008},
  publisher={MIT press}
}

@inproceedings{chinchali2017multi,
author = {Chinchali, S. P. and Livingston, S. C. and Pavone, M.},
title = {Multi-objective optimal control for proactive decision-making with temporal logic models},
booktitle = {\textit{Int. Symp. on Robotics Research}},
year = {2017},
location = {Puerto Varas, Chile},
month = {dec},
url = {https://asl.stanford.edu/wp-content/papercite-data/pdf/Chinchali.Livingston.Pavone.ISRR17.pdf},
owner = {pavone},
timestamp = {2018-01-16},
}

@article{toussaint2010expectation,
  title={Expectation-Maximization methods for solving (PO) MDPs and optimal control problems},
  author={Toussaint, Marc and Storkey, Amos and Harmeling, Stefan},
  journal={Inference and Learning in Dynamic Models},
  year={2010},
  publisher={Cambridge University Press Cambridge}
}

@incollection{bandyopadhyay2013intention,
  title={Intention-aware motion planning},
  author={Bandyopadhyay, Tirthankar and Won, Kok Sung and Frazzoli, Emilio and Hsu, David and Lee, Wee Sun and Rus, Daniela},
  booktitle={Algorithmic Foundations of Robotics X},
  pages={475--491},
  year={2013},
  publisher={Springer}
}

@book{de1997formal,
  title={Formal verification of probabilistic systems},
  author={De Alfaro, Luca},
  number={1601},
  year={1997},
  publisher={stanford university}
}

@article{kupferman2001model,
  title={Model checking of safety properties},
  author={Kupferman, Orna and Vardi, Moshe Y},
  journal={Formal Methods in System Design},
  volume={19},
  number={3},
  pages={291--314},
  year={2001},
  publisher={Springer}
}

@article{boyd2003subgradient,
  title={Subgradient methods},
  author={Boyd, Stephen and Xiao, Lin and Mutapcic, Almir},
  year={2003},
  publisher={stanford university}
}

@article{Boehmer2016NonDeterministicPolicy,
	author={Wendelin BÃ¶hmer and Rong Guo and Klaus Obermayer},
	year={2016},
	title={Non-Deterministic Policy Improvement Stabilizes Approximated Reinforcement Learning},
	abstract={This paper investigates a type of instability that is linked to the greedy policy improvement in approximated reinforcement learning. We show empirically that non-deterministic policy improvement can stabilize methods like LSPI by controlling the improvements' stochasticity. Additionally we show that a suitable representation of the value function also stabilizes the solution to some degree. The presented approach is simple and should also be easily transferable to more sophisticated algorithms like deep reinforcement learning.},
	language={English},
}
@book{Sugiyama2015StatisticalRL,
	author={Masashi Sugiyama and Safari Books Online},
	year={2015},
	title={Statistical reinforcement learning: modern machine learning approaches},
	publisher={CRC Press, Taylor \& Francis Group},
	address={Boca Raton, FL},
	edition={1},
	isbn={1439856893},
	language={English}
}

@article{Hanawal2017LearningPolicies,
	author={Manjesh K. Hanawal and Hao Liu and Henghui Zhu and Ioannis Ch Paschalidis},
	year={2017},
	month={01/},
	title={Learning Policies for Markov Decision Processes from Data},
	language={English},
}

@article{chen2016statistical,
  title={Statistical inference for model parameters in stochastic gradient descent},
  author={Chen, Xi and Lee, Jason D and Tong, Xin T and Zhang, Yichen},
  journal={arXiv preprint arXiv:1610.08637},
  year={2016}
}

@article{li2017statistical,
  title={Statistical inference using SGD},
  author={Li, Tianyang and Liu, Liu and Kyrillidis, Anastasios and Caramanis, Constantine},
  journal={arXiv preprint arXiv:1705.07477},
  year={2017}
}

@inproceedings{nachum2017bridging,
  title={Bridging the gap between value and policy based reinforcement learning},
  author={Nachum, Ofir and Norouzi, Mohammad and Xu, Kelvin and Schuurmans, Dale},
  booktitle={Advances in Neural Information Processing Systems},
  pages={2772--2782},
  year={2017}
}
@inproceedings{lim2013reinforcement,
  title={Reinforcement learning in robust markov decision processes},
  author={Lim, Shiau Hong and Xu, Huan and Mannor, Shie},
  booktitle={Advances in Neural Information Processing Systems},
  pages={701--709},
  year={2013}
}

@book{hernandez2012adaptive,
	title={Adaptive Markov control processes},
	author={Hern{\'a}ndez-Lerma, On{\'e}simo},
	volume={79},
	year={2012},
	publisher={Springer Science \& Business Media}
}